<record><leader>00000cas a22000007a 4500</leader><controlfield tag="001">12690014</controlfield><controlfield tag="008">851018d18241825scuwr ne      0    0eng  </controlfield><controlfield tag="009">466</controlfield><datafield ind1=" " ind2=" " tag="010"><subfield code="a">sn 85042596 </subfield></datafield><datafield ind1=" " ind2=" " tag="040"><subfield code="a">DLC</subfield><subfield code="b">eng</subfield><subfield code="c">DLC</subfield><subfield code="d">SVN</subfield><subfield code="d">DLC</subfield><subfield code="d">OCL</subfield><subfield code="d">OCLCQ</subfield><subfield code="d">OCLCO</subfield><subfield code="d">OCLCF</subfield></datafield><datafield ind1="1" ind2=" " tag="029"><subfield code="a">AU@</subfield><subfield code="b">000026224823</subfield></datafield><datafield ind1=" " ind2=" " tag="042"><subfield code="a">msc</subfield></datafield><datafield ind1=" " ind2=" " tag="043"><subfield code="a">n-us-sc</subfield></datafield><datafield ind1="0" ind2="0" tag="050"><subfield code="a">Newspaper</subfield></datafield><datafield ind1="0" ind2="4" tag="245"><subfield code="a">The Southern chronicle and Camden Aegis.</subfield></datafield><datafield ind1="1" ind2="3" tag="246"><subfield code="a">Southern chronicle</subfield></datafield><datafield ind1="1" ind2="3" tag="246"><subfield code="a">Camden Aegis</subfield></datafield><datafield ind1=" " ind2=" " tag="260"><subfield code="a">Camden, S.C. :</subfield><subfield code="b">Charles A. Bullard</subfield></datafield><datafield ind1=" " ind2=" " tag="300"><subfield code="a">v. :</subfield><subfield code="b">ill. (chiefly advertisements) ;</subfield><subfield code="c">52 cm.</subfield></datafield><datafield ind1=" " ind2=" " tag="310"><subfield code="a">Weekly</subfield></datafield><datafield ind1="0" ind2=" " tag="362"><subfield code="a">Vol. 3, no. 112 (Mar. 31, 1824) - Vol. 3, no. 155 (Jan. 29, 1825).</subfield></datafield><datafield ind1=" " ind2="0" tag="651"><subfield code="a">Kershaw County (S.C.)</subfield><subfield code="v">Newspapers.</subfield></datafield><datafield ind1=" " ind2="7" tag="655"><subfield code="a">Newspapers.</subfield><subfield code="2">fast</subfield><subfield code="0">(OCoLC)fst01423814</subfield></datafield><datafield ind1=" " ind2="7" tag="651"><subfield code="a">South Carolina</subfield><subfield code="z">Kershaw County.</subfield><subfield code="2">fast</subfield><subfield code="0">(OCoLC)fst01214393</subfield></datafield><datafield ind1=" " ind2=" " tag="752"><subfield code="a">United States</subfield><subfield code="b">South Carolina</subfield><subfield code="c">Kershaw</subfield><subfield code="d">Camden.</subfield></datafield><datafield ind1="0" ind2="0" tag="780"><subfield code="t">Southern chronicle (Camden, S.C.)</subfield><subfield code="w">(DLC)sn 92065482</subfield></datafield><datafield ind1="0" ind2="0" tag="785"><subfield code="t">Southern chronicle, and Camden literary and political register</subfield><subfield code="w">(DLC)sn 92065489</subfield></datafield></record>